<?xml version="1.0" encoding="UTF-8"?><collection xmlns="http://www.loc.gov/MARC21/slim"><record><leader>00486nam--2200181-i-4500</leader><controlfield tag="001">000006665</controlfield><controlfield tag="002">20161230</controlfield><controlfield tag="005">20161230201026</controlfield><controlfield tag="008">060222s1000------------r-----000-0-eng-d</controlfield><datafield ind1=" " ind2=" " tag="040"><subfield code="a">IFIN-HH</subfield></datafield><datafield ind1=" " ind2=" " tag="080"><subfield code="a">519.4</subfield></datafield><datafield ind1="1" ind2=" " tag="100"><subfield code="a">Chevalley, Claude</subfield></datafield><datafield ind1="1" ind2="0" tag="245"><subfield code="a">Theory of lie groups</subfield><subfield code="b">Volume i</subfield><subfield code="c">Claude chevalley</subfield></datafield><datafield ind1=" " ind2=" " tag="260"><subfield code="a">Princeton</subfield><subfield code="b">University Press</subfield><subfield code="c">1946</subfield></datafield><datafield ind1=" " ind2=" " tag="300"><subfield code="a">VIII + 217 P</subfield></datafield><datafield ind1=" " ind2=" " tag="490"><subfield code="a">Princeton Mathematical Series</subfield></datafield><datafield ind1=" " ind2=" " tag="852"><subfield code="a">19692</subfield><subfield code="c">519.4</subfield></datafield><datafield ind1=" " ind2=" " tag="CAT"><subfield code="a">Sys</subfield><subfield code="c">20130809</subfield><subfield code="h">141305</subfield></datafield></record></collection>